@article{a:fung-gpgpu,
	author    = {James Fung and Steve Mann},
	title     = {{Using Multiple Graphics Cards as a General Purpose Parallel Computer :
Applications to Computer Vision}},
	journal   = {University of Toronto},
	year      = {2004}
}

@article{a:shuai-gpgpu,
    author = {{Shuai Che and Michael Boyer and Jiayuan Meng and David Tarjan and Jeremy W. Sheaffer and Kevin Skadron}},
    journal = {Elsevier},
    title = {A Performance Study of General-Purpose Applications on Graphics Processors Using CUDA},
    year = {2008}
}


@online{o:hsa-amd,
title = {{What is Heterogeneous System Architecture (HSA)?}},
url = {https://developer.amd.com/heterogeneous-computing-2/what-is-heterogeneous-system-architecture-hsa/}
}

@online{o:openacc-amd,
title = {{PGI 2014 Adds OpenACC 2.0 Features for NVIDIA and AMD GPU Accelerators}},
url = {https://www.hpcwire.com/off-the-wire/pgi-2014-adds-openacc-2-0-features-nvidia-amd-gpu-accelerators/}
}

@online{o:openacc-std,
title = {{Nvidia, Cray, PGI, and CAPS launch â€˜OpenACC' programming standard for parallel computing}},
url = {https://www.theinquirer.net/inquirer/news/2124878/nvidia-cray-pgi-caps-launch-openacc-programming-standard-parallel-computing}
}

@article{a:openacc-best-practices,
number = {June},
title = {{OpenACC Programming and Best Practices Guide}},
year = {2015},
url = {http://www.openacc.org/sites/default/files/inline-files/OpenACC_Programming_Guide_0.pdf}
}
